@article{cn1,
   author = {张庆海},
   title = {{Notes on Numerical Analysis and Numerical Methods for Differential Equations}},
   year = {2024}
}